<?xml version="1.0" encoding="UTF-8"?><collection xmlns="http://www.loc.gov/MARC21/slim"><record><leader>00392nam--2200133-i-4500</leader><controlfield tag="001">000037653</controlfield><controlfield tag="002">20161230</controlfield><controlfield tag="005">20161230201041</controlfield><controlfield tag="008">060222s1000------------r-----000-0-eng-d</controlfield><datafield ind1=" " ind2=" " tag="080"><subfield code="a">608:002:621.882</subfield></datafield><datafield ind1=" " ind2=" " tag="245"><subfield code="a">Proiectarea, constructia si utilizarea lagarelor de alunecare si a cuzinetilor</subfield></datafield><datafield ind1=" " ind2=" " tag="260"><subfield code="a">Bucuresti, I.N.I.D.S.T</subfield></datafield><datafield ind1=" " ind2=" " tag="490"><subfield code="a">Cerceare Documentara Cod 55.237,Nl 31</subfield></datafield><datafield ind1=" " ind2=" " tag="852"><subfield code="a">D.1306</subfield></datafield></record></collection>